<?xml version="1.0" encoding="UTF-8"?><collection xmlns="http://www.loc.gov/MARC21/slim"><record><leader>00481nam--2200169-i-4500</leader><controlfield tag="001">000017154</controlfield><controlfield tag="002">20161230</controlfield><controlfield tag="005">20161230201032</controlfield><controlfield tag="008">060222s1000------------r-----000-0-eng-d</controlfield><datafield ind1=" " ind2=" " tag="040"><subfield code="a">IFIN-HH</subfield></datafield><datafield ind1=" " ind2=" " tag="080"><subfield code="a">533.9(043)</subfield></datafield><datafield ind1="1" ind2=" " tag="100"><subfield code="a">Steiger, Andreas</subfield></datafield><datafield ind1="1" ind2="0" tag="245"><subfield code="a">Starkverbreiterung des 2s-zustands von wasserstoff und deuterium in bogenplasmen niedriger dichte</subfield><subfield code="c">Andreas steiger</subfield></datafield><datafield ind1=" " ind2=" " tag="260"><subfield code="a">Berlin, 1993</subfield></datafield><datafield ind1=" " ind2=" " tag="300"><subfield code="a">83 P</subfield></datafield><datafield ind1=" " ind2=" " tag="852"><subfield code="a">80088</subfield><subfield code="c">533.9</subfield></datafield><datafield ind1=" " ind2=" " tag="CAT"><subfield code="a">Sys</subfield><subfield code="c">20101004</subfield><subfield code="h">145928</subfield></datafield></record></collection>